@misc{lanovky,
    author = {MB-POLYGRAF},
	title = {Sedačková lanovka Veľká Rača - Dedovka},
	howpublished = {[online]},
	note = {[vid. 2023-02-12]},
	url = {https://lanovky.sk/?page=lan&lan=3},
}

@manual{simlib,
  author       = {Petr Peringer},
  title        = {SIMLIB/C++  3.07/Examples},
  note         = {[vid. 2023-03-12]},
  url          = {https://www.fit.vutbr.cz/~peringer/SIMLIB/doc/html/examples.html}
}